@webpage{uts18,
  title = {{Unicode} Technical Standard \#18: {Unicode} Regular Expressions. {Revision} 15},
  editor = {Mark Davis and Andy Heninger},
  month = {July},
  year = {2012},
  note = {The Unicode Consortium},
  url = {http://unicode.org/reports/tr18}
}
